@misc{Wikipedia_2023, url={https://es.wikipedia.org/wiki/Fractal}, journal={Wikipedia}, publisher={Wikimedia Foundation}, year={2023}, month={Nov}, Author={Wikipedia contributors}, title={Fractal}, howpublished={https://es.wikipedia.org/wiki/Fractal}, note={Accessed: 29-11-2023}}

@PHDTHESIS{Atencia_2014,
  author = "Vanessa Atencia Toro",
  title = "{Fractales matemáticos}",
  school = "Facultad de Matemáticas - Universidad de Barcelona",
  year = "2014",
  type = "TFG",
  month = "enero",
  url = "https://diposit.ub.edu/dspace/bitstream/2445/54228/1/memoria.pdf",
  urldate     = {01-12-2023},
} 

@misc{youtube-2022,
 author = {Mates Mike},
 year = {2022},
 title = {Dimensión Fractal: El Copo de Nieve de Koch},
 type = {Youtube Video},
 urldate = {01-12-2023},
 howpublished = {\url{https://www.youtube.com/watch?v=eKY_1j9VrEA}},
}